@ARTICLE{2018JATIS...4a9001M,
       author = {{Males}, Jared R. and {Guyon}, Olivier},
        title = "{Ground-based adaptive optics coronagraphic performance under closed-loop predictive control}",
      journal = {Journal of Astronomical Telescopes, Instruments, and Systems},
     keywords = {Astrophysics - Instrumentation and Methods for Astrophysics, Astrophysics - Earth and Planetary Astrophysics},
         year = 2018,
        month = jan,
       volume = {4},
          eid = {019001},
        pages = {019001},
          doi = {10.1117/1.JATIS.4.1.019001},
archivePrefix = {arXiv},
       eprint = {1712.07189},
 primaryClass = {astro-ph.IM},
       adsurl = {https://ui.adsabs.harvard.edu/abs/2018JATIS...4a9001M},
      adsnote = {Provided by the SAO/NASA Astrophysics Data System}
}

@ARTICLE{2019AJ....157...36D,
       author = {{Douglas}, E.~S. and {Males}, J.~R. and {Clark}, J. and {Guyon}, O. and {Lumbres}, J. and {Marlow}, W. and {Cahoy}, K.~L.},
        title = "{Laser Guide Star for Large Segmented-aperture Space Telescopes. I. Implications for Terrestrial Exoplanet Detection and Observatory Stability}",
      journal = {\aj},
     keywords = {instrumentation: adaptive optics, instrumentation: high angular resolution, planets and satellites: detection, space vehicles: instruments, telescopes, Astrophysics - Instrumentation and Methods for Astrophysics},
         year = 2019,
        month = jan,
       volume = {157},
       number = {1},
          eid = {36},
        pages = {36},
          doi = {10.3847/1538-3881/aaf385},
archivePrefix = {arXiv},
       eprint = {1811.05309},
 primaryClass = {astro-ph.IM},
       adsurl = {https://ui.adsabs.harvard.edu/abs/2019AJ....157...36D},
      adsnote = {Provided by the SAO/NASA Astrophysics Data System}
}


